<?xml version="1.0" encoding="UTF-8"?><collection xmlns="http://www.loc.gov/MARC21/slim"><record><leader>00327nam--2200133-i-4500</leader><controlfield tag="001">000043958</controlfield><controlfield tag="002">20161230</controlfield><controlfield tag="005">20161230201044</controlfield><controlfield tag="008">060222s1000------------r-----000-0-eng-d</controlfield><datafield ind1=" " ind2=" " tag="080"><subfield code="a">621</subfield></datafield><datafield ind1=" " ind2=" " tag="100"><subfield code="a">Teani,Renato</subfield></datafield><datafield ind1=" " ind2=" " tag="245"><subfield code="a">La tecnica nelle sue diverse espresioni</subfield></datafield><datafield ind1=" " ind2=" " tag="260"><subfield code="a">Roma, Carucci Editore, 1980. 319 P</subfield></datafield><datafield ind1=" " ind2=" " tag="852"><subfield code="a">48861</subfield></datafield></record></collection>